<?xml version="1.0" encoding="UTF-8"?><collection><record><leader>06066ntm a2200541 a 4500</leader><controlfield tag="001">006812468</controlfield><controlfield tag="003">MiAaHDL</controlfield><controlfield tag="005">20190719000000.0</controlfield><controlfield tag="006">m        d        </controlfield><controlfield tag="007">cr bn ---auaua</controlfield><controlfield tag="008">090603s1797    xx            00| ||ara d</controlfield><datafield tag="035" ind1=" " ind2=" "><subfield code="a">(MiU)006812468</subfield></datafield><datafield tag="035" ind1=" " ind2=" "><subfield code="a">sdr-miu006812468</subfield></datafield><datafield tag="040" ind1=" " ind2=" "><subfield code="a">MiU</subfield><subfield code="c">MiU</subfield><subfield code="e">amremm</subfield></datafield><datafield tag="043" ind1=" " ind2=" "><subfield code="a">n-us-mi</subfield></datafield><datafield tag="100" ind1="1" ind2=" "><subfield code="6">880-01</subfield><subfield code="a">Ibn Ḥajar al-ʻAsqalānī, Aḥmad ibn ʻAlī,</subfield><subfield code="d">1372-1449.</subfield></datafield><datafield tag="245" ind1="1" ind2="0"><subfield code="6">880-03</subfield><subfield code="a">[Nuzhat al-naẓar fī tawḍīḥ Nukhbat al-fikar,</subfield><subfield code="f">1212, i.e. 1797].</subfield></datafield><datafield tag="246" ind1="3" ind2=" "><subfield code="i">Title from inscripiton on 'title page' (p.3):</subfield><subfield code="a">شرح نخبه اصول حديث</subfield></datafield><datafield tag="246" ind1="3" ind2=" "><subfield code="i">Title from inscription on front flyleaf (p.1):</subfield><subfield code="a">نخبة الفكر في مصطلح اهل الاثر وشرحها</subfield></datafield><datafield tag="260" ind1=" " ind2=" "><subfield code="c">[1797].</subfield></datafield><datafield tag="300" ind1=" " ind2=" "><subfield code="a">36 leaves :</subfield><subfield code="b">paper ;</subfield><subfield code="c">212 x 145 (150 x 88) mm.</subfield></datafield><datafield tag="500" ind1=" " ind2=" "><subfield code="a">Shelfmark: Ann Arbor, University of Michigan, Special Collections Library, Isl. Ms. 498</subfield></datafield><datafield tag="500" ind1=" " ind2=" "><subfield code="a">Origin: As appears in colophon on p.74, transcription completed 18 Ṣafar 1212 [ca. 12 August 1797].</subfield></datafield><datafield tag="500" ind1=" " ind2=" "><subfield code="a">Accompanying materials: Acquisitions slip from Yahuda.</subfield></datafield><datafield tag="500" ind1=" " ind2=" "><subfield code="a">Former shelfmark: From inner front cover and label on lower cover, "IL 389" (likely supplied by Yahuda, see acquisitions slip).</subfield></datafield><datafield tag="500" ind1=" " ind2=" "><subfield code="a">Binding: Pasteboards covered in shell marbled paper (in shades of brown, pink, black, yellow, etc.) with green leather over spine (effectively a quarter binding) ; Type III binding (without flap) ; pastedowns and flyleaves in brown paper ; sewn in cream thread, two stations ; overall in fair condition with abrasion, lifting and losses of paper and leather, minor delamination of boards, etc.</subfield></datafield><datafield tag="500" ind1=" " ind2=" "><subfield code="a">Support: European laid paper with 9 laid lines per cm. (vertical), chain lines spaced 21-23 mm. apart (horizontal), three hats watermark (see p.65, 66, 75, 76, etc.) and "G F" (see p.78) ; light cream in color, sturdy, burnished.</subfield></datafield><datafield tag="500" ind1=" " ind2=" "><subfield code="a">Decoration: Overlining in red ; abbreviation symbols and some corrections rubricated ; textual dividers in the form of red hāʼ, inverted comma, etc.</subfield></datafield><datafield tag="500" ind1=" " ind2=" "><subfield code="a">Script: Naskh ; elegant Turkish hand in a narrow to medium line ; virtually serifless with slight effect of tilt to the left, curvilinear descenders, some sweeping descenders and elongation of horizontal strokes, somewhat freely ligatured ; some passages vocalized.</subfield></datafield><datafield tag="500" ind1=" " ind2=" "><subfield code="a">Layout: Written in 19 lines per page ; frame-ruled.</subfield></datafield><datafield tag="500" ind1=" " ind2=" "><subfield code="a">Collation: i, 3 V(30), IV-1 (37), i ; chiefly quinions ; final leaf (after close of text) left blank ; catchwords present ; pagination in pencil, Western numerals, supplied during digitization (includes flyleaves).</subfield></datafield><datafield tag="500" ind1=" " ind2=" "><subfield code="a">Colophon: "Scribal," triangular, reads "تمت الكتاب بعون الملك الوهاب م م م م م م ۱۸ ص سنة ۱۲۱۲"</subfield></datafield><datafield tag="500" ind1=" " ind2=" "><subfield code="a">Explicit: "نقل محض ظاهرة التعريف مستغنية عن التمثيل وحصرها متعسرا فليراجع لها مبسوطاتها ليحصل الوقوف على حقائقها ولله الموفق والهادي لا اله الا هو عليه توكلت واليه انيت وحسبنا الله ونعم الوكيل ولا حول ولا قوة الا بالله العلي العظيم وصلى الله على سيدنا رسوله النبي الكريم"</subfield></datafield><datafield tag="500" ind1=" " ind2=" "><subfield code="a">Incipit: "الحمد لله الذي لم يزل عالما قديرا حيا قيوما سميحا بصيرا ... اما بعد فان التصانيف في اصطلاح اهل الحديث قد كثرت للائمة في القديم والحديث فمن اول من صنف في ذلك القاضي ابو محمد الرامهرمزي ... وامثال ذلك من التصانيف التي اشتهرت وبسطت ليتوفر علمها واختصرت ليتيسر فهمها الى ان جاء الحافظ الفقيه تقي الدين ابو عمرو عثمان بن الصلاح عبد الرحمن الشهرزوري نزيل دمشق فجمع لما ولي تدريس الحديث بالمدرسة الاشرفية كتابه المشهور ... فسألني بعض الاخوان ان الخص لهم المهم من ذلك فلخصته في اوراق لطيفة سميتها نخبة الفكر في مصطلح اهل الاثر ... فرغب الي جماعة ثانيا ان اصنع شرحا يحل رموزها ويفتح كنوزها ويوضح ما خفي على المبتدأ من ذلك فاجبته الى سؤاله رجاء الاندراج في تلك المسالك فبالغت في شرحها للايضاح والتوجيه ..."</subfield></datafield><datafield tag="500" ind1=" " ind2=" "><subfield code="a">Title supplied by cataloguer.</subfield></datafield><datafield tag="500" ind1=" " ind2=" "><subfield code="a">Ms. codex.</subfield></datafield><datafield tag="510" ind1="4" ind2=" "><subfield code="a">Brockelmann, C. GAL,</subfield><subfield code="c">I 359 e ; II 68 no. 7</subfield></datafield><datafield tag="520" ind1="8" ind2=" "><subfield code="a">Clear copy of the commentary by Ibn Ḥajar al-ʻAsqalānī (d.1449) on his own Nukhbat al-fikar fī musṭalaḥ ahl al-athar, a treatise on the technical terms used in the science of ḥadīth, summarizing the work of Ibn al-Ṣalāḥ al-Shahrazūrī (d.1245).</subfield></datafield><datafield tag="538" ind1=" " ind2=" "><subfield code="a">Mode of access: Internet.</subfield></datafield><datafield tag="541" ind1=" " ind2=" "><subfield code="a">Acquired in 1926 from the bookseller Isaac Benjamin S.E. Yahuda via purchase transacted on his behalf by Abraham Shalom Yahuda (1877-1951), his younger brother.</subfield></datafield><datafield tag="546" ind1=" " ind2=" "><subfield code="a">Arabic.</subfield></datafield><datafield tag="561" ind1=" " ind2=" "><subfield code="a">Borrowing notice in Ottoman on 'title page' (p.3) indicating the book was borrowed from Nazif Efendi (نظيف افندى) ; further statement on 'title page' (p.3) in name of Ali Efendi Bey ( علي افندى بيك ) ; occasional marginal corrections.</subfield></datafield><datafield tag="600" ind1="1" ind2="0"><subfield code="a">Ibn Ḥajar al-ʻAsqalānī, Aḥmad ibn ʻAlī,</subfield><subfield code="d">1372-1449.</subfield><subfield code="t">Nukhbat al-fikar fī muṣṭalaḥ ahl al-athar.</subfield></datafield><datafield tag="650" ind1=" " ind2="0"><subfield code="a">Manuscripts, Arabic</subfield><subfield code="z">Michigan</subfield><subfield code="z">Ann Arbor.</subfield></datafield><datafield tag="650" ind1=" " ind2="0"><subfield code="a">Hadith</subfield><subfield code="x">Terminology</subfield><subfield code="v">Early works to 1800.</subfield></datafield><datafield tag="773" ind1="0" ind2=" "><subfield code="a">Yahuda Collection.</subfield></datafield><datafield tag="880" ind1="1" ind2="0"><subfield code="6">245-03/</subfield><subfield code="a">[نزهة النظر في توضيح نخبة الفكر,</subfield><subfield code="f">1212ه, 1797م].</subfield></datafield><datafield tag="880" ind1="1" ind2=" "><subfield code="6">100-01/</subfield><subfield code="a">ابن حجر العسقلاني، احمد بن علي.</subfield></datafield><datafield tag="CID" ind1=" " ind2=" "><subfield code="a">006812468</subfield></datafield><datafield tag="DAT" ind1="0" ind2=" "><subfield code="a">20190719102637.0</subfield><subfield code="b">20190719000000.0</subfield></datafield><datafield tag="DAT" ind1="1" ind2=" "><subfield code="a">20190719090653.0</subfield><subfield code="b">2019-07-19T16:10:29Z</subfield></datafield><datafield tag="DAT" ind1="2" ind2=" "><subfield code="a">2015-10-02T18:00:03Z</subfield></datafield><datafield tag="CAT" ind1=" " ind2=" "><subfield code="a">SDR-MIU</subfield><subfield code="d">EX LIBRIS - ALEPH</subfield><subfield code="l">prepare.pl-004-008</subfield></datafield><datafield tag="FMT" ind1=" " ind2=" "><subfield code="a">BK</subfield></datafield><datafield tag="HOL" ind1=" " ind2=" "><subfield code="0">sdr-miu006812468</subfield><subfield code="a">MiU</subfield><subfield code="b">SDR</subfield><subfield code="c">MIU</subfield><subfield code="p">mdp.39015079128107</subfield><subfield code="s">MIU</subfield><subfield code="1">006812468</subfield></datafield><datafield tag="974" ind1=" " ind2=" "><subfield code="b">MIU</subfield><subfield code="c">MIU</subfield><subfield code="d">20190719</subfield><subfield code="s">lit-dlps-dc</subfield><subfield code="u">mdp.39015079128107</subfield><subfield code="y">1797</subfield><subfield code="r">pd</subfield><subfield code="q">bib</subfield><subfield code="t">non-US bib date1 &lt; 1879</subfield></datafield></record></collection>